<?xml version="1.0" encoding="UTF-8" standalone="yes"?>
<bib>
    <mms_id>9921328575102884</mms_id>
    <record_format>marc21</record_format>
    <linked_record_id type="CZ">991000000000278803</linked_record_id>
    <title>The Einstein journal of biology and medicine : EJBM.</title>
    <author>Albert Einstein College of Medicine.</author>
    <issn>1559-5501</issn>
    <network_numbers>
        <network_number>(CONSER)--2006213805</network_number>
        <network_number>(CKB)1000000000278803</network_number>
        <network_number>(OCoLC)61153202</network_number>
        <network_number>(EXLCZ)991000000000278803</network_number>
    </network_numbers>
    <place_of_publication>Bronx, NY :</place_of_publication>
    <date_of_publication>©2003-</date_of_publication>
    <publisher_const>Albert Einstein College of Medicine</publisher_const>
    <holdings link="https://api-eu.hosted.exlibrisgroup.com/almaws/v1/bibs/9921328575102884/holdings"/>
    <created_by>SFX</created_by>
    <created_date>2012-02-26Z</created_date>
    <last_modified_by>SFX</last_modified_by>
    <last_modified_date>2018-03-28Z</last_modified_date>
    <suppress_from_publishing>false</suppress_from_publishing>
    <originating_system>SFX</originating_system>
    <originating_system_id>991000000000278803</originating_system_id>
    <record>
        <leader>02265nas--2200613-i-4500</leader>
        <controlfield tag="001">9921328575102884</controlfield>
        <controlfield tag="005">20180327172947.0</controlfield>
        <controlfield tag="006">m-----o--d--------</controlfield>
        <controlfield tag="007">cr-cn|||||||||</controlfield>
        <controlfield tag="008">050727c20039999nyuqr-pso-----0---a0eng-c</controlfield>
        <datafield ind1=" " ind2=" " tag="010">
            <subfield code="a">2006213805</subfield>
        </datafield>
        <datafield ind1=" " ind2=" " tag="022">
            <subfield code="a">1559-5498</subfield>
        </datafield>
        <datafield ind1=" " ind2=" " tag="035">
            <subfield code="a">(OCoLC)61153202</subfield>
        </datafield>
        <datafield ind1=" " ind2=" " tag="035">
            <subfield code="a">(CKB)1000000000278803</subfield>
        </datafield>
        <datafield ind1=" " ind2=" " tag="035">
            <subfield code="a">(CONSER)--2006213805</subfield>
        </datafield>
        <datafield ind1=" " ind2=" " tag="035">
            <subfield code="a">(EXLCZ)991000000000278803</subfield>
        </datafield>
        <datafield ind1=" " ind2=" " tag="037">
            <subfield code="b">Albert Einstein College of Medicine, 1300 Morris Park Ave., Forchheimer Bldg., Bronx, NY 10461</subfield>
        </datafield>
        <datafield ind1=" " ind2=" " tag="042">
            <subfield code="a">pcc</subfield>
            <subfield code="a">nsdp</subfield>
        </datafield>
        <datafield ind1="1" ind2="0" tag="050">
            <subfield code="a">ISSN RECORD</subfield>
        </datafield>
        <datafield ind1="1" ind2="4" tag="050">
            <subfield code="a">QH301</subfield>
            <subfield code="b">E55</subfield>
        </datafield>
        <datafield ind1="0" ind2="0" tag="060">
            <subfield code="a">W1</subfield>
            <subfield code="b">EI507</subfield>
        </datafield>
        <datafield ind1="1" ind2="0" tag="082">
            <subfield code="a">610</subfield>
            <subfield code="2">13</subfield>
        </datafield>
        <datafield ind1="0" ind2=" " tag="130">
            <subfield code="a">Einstein journal of biology and medicine (Online)</subfield>
        </datafield>
        <datafield ind1=" " ind2=" " tag="210">
            <subfield code="a">EINSTEIN JOURNAL OF BIOLOGY AND MEDICINE : EJBM</subfield>
        </datafield>
        <datafield ind1=" " ind2=" " tag="210">
            <subfield code="a">EINSTEIN JOURNAL OF BIOLOGY AND MEDICINE</subfield>
        </datafield>
        <datafield ind1=" " ind2=" " tag="210">
            <subfield code="a">THE EINSTEIN JOURNAL OF BIOLOGY AND MEDICINE</subfield>
        </datafield>
        <datafield ind1=" " ind2=" " tag="210">
            <subfield code="a">EINSTEIN J BIOL MED</subfield>
        </datafield>
        <datafield ind1="1" ind2="0" tag="210">
            <subfield code="a">Einstein J Biol Med</subfield>
            <subfield code="2">dnlm</subfield>
        </datafield>
        <datafield ind1=" " ind2="4" tag="222">
            <subfield code="a">The Einstein journal of biology and medicine</subfield>
            <subfield code="b">(Online)</subfield>
        </datafield>
        <datafield ind1="1" ind2="4" tag="245">
            <subfield code="a">The Einstein journal of biology and medicine :</subfield>
            <subfield code="b">EJBM.</subfield>
        </datafield>
        <datafield ind1=" " ind2=" " tag="246">
            <subfield code="a">Einstein Journal Of Biology And Medicine</subfield>
        </datafield>
        <datafield ind1="3" ind2="0" tag="246">
            <subfield code="a">EJBM</subfield>
        </datafield>
        <datafield ind1=" " ind2=" " tag="246">
            <subfield code="a">Einstein Journal of Biology &amp; Medicine</subfield>
        </datafield>
        <datafield ind1=" " ind2=" " tag="260">
            <subfield code="a">Bronx, NY :</subfield>
            <subfield code="b">Albert Einstein College of Medicine,</subfield>
            <subfield code="c">©2003-</subfield>
        </datafield>
        <datafield ind1=" " ind2=" " tag="310">
            <subfield code="a">Quarterly</subfield>
        </datafield>
        <datafield ind1=" " ind2=" " tag="336">
            <subfield code="a">text</subfield>
            <subfield code="b">txt</subfield>
            <subfield code="2">rdacontent</subfield>
        </datafield>
        <datafield ind1=" " ind2=" " tag="337">
            <subfield code="a">computer</subfield>
            <subfield code="b">c</subfield>
            <subfield code="2">rdamedia</subfield>
        </datafield>
        <datafield ind1=" " ind2=" " tag="338">
            <subfield code="a">online resource</subfield>
            <subfield code="b">cr</subfield>
            <subfield code="2">rdacarrier</subfield>
        </datafield>
        <datafield ind1="0" ind2=" " tag="362">
            <subfield code="a">Vol. 20, no. 1 (2003)-</subfield>
        </datafield>
        <datafield ind1=" " ind2=" " tag="538">
            <subfield code="a">Mode of access: World Wide Web.</subfield>
        </datafield>
        <datafield ind1=" " ind2=" " tag="588">
            <subfield code="a">Description based on: Vol. 20, no. 1 (2003); title from table of contents page (viewed July 25, 2005).
            </subfield>
        </datafield>
        <datafield ind1=" " ind2=" " tag="500">
            <subfield code="a">Refereed/Peer-reviewed</subfield>
        </datafield>
        <datafield ind1=" " ind2="0" tag="650">
            <subfield code="a">Biology</subfield>
            <subfield code="v">Periodicals.</subfield>
        </datafield>
        <datafield ind1=" " ind2="0" tag="650">
            <subfield code="a">Medicine</subfield>
            <subfield code="v">Periodicals.</subfield>
        </datafield>
        <datafield ind1="1" ind2="2" tag="650">
            <subfield code="a">Medicine.</subfield>
        </datafield>
        <datafield ind1="2" ind2="2" tag="650">
            <subfield code="a">Biology.</subfield>
        </datafield>
        <datafield ind1=" " ind2="7" tag="650">
            <subfield code="a">Biology.</subfield>
            <subfield code="2">fast</subfield>
            <subfield code="0">(OCoLC)fst00832383</subfield>
        </datafield>
        <datafield ind1=" " ind2="7" tag="650">
            <subfield code="a">Medicine.</subfield>
            <subfield code="2">fast</subfield>
            <subfield code="0">(OCoLC)fst01014893</subfield>
        </datafield>
        <datafield ind1=" " ind2="0" tag="655">
            <subfield code="a">Electronic journals.</subfield>
        </datafield>
        <datafield ind1=" " ind2="2" tag="655">
            <subfield code="a">Periodicals.</subfield>
        </datafield>
        <datafield ind1=" " ind2="7" tag="655">
            <subfield code="a">Periodicals.</subfield>
            <subfield code="2">fast</subfield>
            <subfield code="0">(OCoLC)fst01411641</subfield>
        </datafield>
        <datafield ind1="2" ind2=" " tag="710">
            <subfield code="a">Albert Einstein College of Medicine.</subfield>
        </datafield>
        <datafield ind1=" " ind2=" " tag="776">
            <subfield code="x">1559-5501</subfield>
        </datafield>
        <datafield ind1="0" ind2="0" tag="780">
            <subfield code="t">The Einstein quarterly journal of biology and medicine</subfield>
            <subfield code="w">(CKB)110975946727475</subfield>
            <subfield code="w">(DLC)2011202320</subfield>
            <subfield code="w">(OCoLC)60630379</subfield>
            <subfield code="x">2162-416X</subfield>
        </datafield>
        <datafield ind1=" " ind2=" " tag="906">
            <subfield code="a">JOURNAL</subfield>
        </datafield>
    </record>
</bib>
